<?xml version="1.0" encoding="UTF-8"?>
<collection xmlns:xsi="http://www.w3.org/2001/XMLSchema-instance" xsi:schemaLocation="http://www.loc.gov/MARC21/slim http://www.loc.gov/standards/marcxml/schema/MARC21slim.xsd" xmlns="http://www.loc.gov/MARC21/slim">
<record>
  <leader>00782cam a22002291  4500</leader>
  <controlfield tag="001">3076461</controlfield>
  <controlfield tag="003">NNC</controlfield>
  <controlfield tag="005">20130426015735.0</controlfield>
  <controlfield tag="008">991201s1936    ua            000 0 ara d</controlfield>
  <datafield tag="035" ind1=" " ind2=" ">
    <subfield code="a">(OCoLC)ocm42906211</subfield>
  </datafield>
  <datafield tag="035" ind1=" " ind2=" ">
    <subfield code="9">ATQ0066CU</subfield>
  </datafield>
  <datafield tag="035" ind1=" " ind2=" ">
    <subfield code="a">(NNC)3076461</subfield>
  </datafield>
  <datafield tag="040" ind1=" " ind2=" ">
    <subfield code="a">PUL</subfield>
    <subfield code="c">PUL</subfield>
    <subfield code="d">ZCU</subfield>
  </datafield>
  <datafield tag="099" ind1=" " ind2=" ">
    <subfield code="a">893.7K84</subfield>
    <subfield code="a">DS96</subfield>
  </datafield>
  <datafield tag="100" ind1="1" ind2=" ">
    <subfield code="a">Shāṭir, Muḥammad Muṣṭafá.</subfield>
  </datafield>
  <datafield tag="245" ind1="0" ind2="0">
    <subfield code="a">Tadhkirah li-ūlī al-baṣāʾir wa-al-abṣār ilā mā fī tarjamat maʻnā al-Qurʹān min akhṭār,</subfield>
    <subfield code="b">marfūʻah ilā ... shaykh al-Jāmiʻ al-Azhar.</subfield>
  </datafield>
  <datafield tag="246" ind1="0" ind2="4">
    <subfield code="a">Radd ʻalā mashrūʻ tarjamat al-Qurʾān al-karīm</subfield>
  </datafield>
  <datafield tag="260" ind1=" " ind2=" ">
    <subfield code="a">[Cairo]</subfield>
    <subfield code="b">Maṭbaʻat al-Naṣr,</subfield>
    <subfield code="c">1936.</subfield>
  </datafield>
  <datafield tag="300" ind1=" " ind2=" ">
    <subfield code="a">78 p.</subfield>
    <subfield code="c">20 cm.</subfield>
  </datafield>
  <datafield tag="546" ind1=" " ind2=" ">
    <subfield code="a">In Arabic.</subfield>
  </datafield>
  <datafield tag="630" ind1="0" ind2="0">
    <subfield code="a">Qurʼan</subfield>
    <subfield code="x">Versions.</subfield>
  </datafield>
  <datafield tag="955" ind1=" " ind2=" ">
    <subfield code="b">CU58887083</subfield>
    <subfield code="d">off,glx</subfield>
    <subfield code="e">893.7K84 DS96</subfield>
  </datafield>
</record>
</collection>